@article{lein2007genome,
  title={Genome-wide atlas of gene expression in the adult mouse brain},
  author={Lein, Ed S and Hawrylycz, Michael J and Ao, Nancy and Ayres, Melissa and Bensinger, Amy and Bernard, Amy and Boe, Andrew F and Boguski, Mark S and Brockway, Kevin S and Byrnes, Elaine J and others},
  journal={Nature},
  volume={445},
  number={7124},
  pages={168--176},
  year={2007},
  publisher={Nature Publishing Group}
}

@article{hawrylycz2012atlas,
  title={An anatomically comprehensive atlas of the adult human brain transcriptome},
  author={Hawrylycz, Michael J and Lein, Ed S and Guillozet-Bongaarts, Angela L and Shen, Elaine H and Ng, Lydia and Miller, Jeremy A and Van De Lagemaat, Louie N and Smith, Kimberly A and Ebbert, Amanda and Riley, Zackery L and others},
  journal={Nature},
  volume={489},
  number={7416},
  pages={391--399},
  year={2012},
  publisher={Nature Publishing Group}
}

@article{kingma2013auto,
  title={Auto-encoding variational bayes},
  author={Kingma, Diederik P and Welling, Max},
  journal={arXiv preprint arXiv:1312.6114},
  year={2013}
}

@article{lopez2018deep,
  title={Deep generative modeling for single-cell transcriptomics},
  author={Lopez, Romain and Regier, Jeffrey and Cole, Michael B and Jordan, Michael I and Yosef, Nir},
  journal={Nature methods},
  volume={15},
  number={12},
  pages={1053--1058},
  year={2018},
  publisher={Nature Publishing Group}
}

@article{stahl2016visualization,
  title={Visualization and analysis of gene expression in tissue sections by spatial transcriptomics},
  author={St{\aa}hl, Patrik L and Salm{\'e}n, Fredrik and Vickovic, Sanja and Lundmark, Anna and Navarro, Jos{\'e} Fern{\'a}ndez and Magnusson, Jens and Giacomello, Stefania and Asp, Michaela and Westholm, Jakub O and Huss, Mikael and others},
  journal={Science},
  volume={353},
  number={6294},
  pages={78--82},
  year={2016},
  publisher={American Association for the Advancement of Science}
}

@article{zhao2021spatial,
  title={Spatial transcriptomics at subspot resolution with BayesSpace},
  author={Zhao, Edward and Stone, Matthew R and Ren, Xing and Guenther, Jamie and Smythe, Kimberly S and Pulliam, Thomas and Williams, Stephen R and Uytingco, Cedric R and Taylor, Sarah EB and Nghiem, Paul and others},
  journal={Nature biotechnology},
  volume={39},
  number={11},
  pages={1375--1384},
  year={2021},
  publisher={Nature Publishing Group}
}

@article{cable2021robust,
  title={Robust decomposition of cell type mixtures in spatial transcriptomics},
  author={Cable, Dylan M and Murray, Evan and Zou, Luli S and Goeva, Aleksandrina and Macosko, Evan Z and Chen, Fei and Irizarry, Rafael A},
  journal={Nature biotechnology},
  volume={40},
  number={4},
  pages={517--526},
  year={2022},
  publisher={Nature Publishing Group}
}

@article{saelens2019comparison,
  title={A comparison of single-cell trajectory inference methods},
  author={Saelens, Wouter and Cannoodt, Robrecht and Todorov, Helena and Saeys, Yvan},
  journal={Nature biotechnology},
  volume={37},
  number={5},
  pages={547--554},
  year={2019},
  publisher={Nature Publishing Group}
}

@article{rashid2021dive,
  title={DIVE: a reference-free framework for multiomic analysis of single-cell data},
  author={Rashid, Sabrina and Shah, Shobana and Bar-Joseph, Ziv and Pandey, Ravi},
  journal={Nature methods},
  volume={18},
  number={4},
  pages={367--375},
  year={2021},
  publisher={Nature Publishing Group}
}

@article{graving2021pathway,
  title={Pathway-based deep clustering for molecular subtyping of cancer},
  author={Graving, Jacob M and Couzin, Iain D},
  journal={Methods},
  volume={194},
  pages={5--16},
  year={2021},
  publisher={Elsevier}
}

@article{he2020stnet,
  title={ST-Net: spatial-temporal neural networks for traffic flow prediction},
  author={He, Kaiming and Zhang, Xiangyu and Ren, Shaoqing and Sun, Jian},
  journal={AAAI Conference on Artificial Intelligence},
  volume={34},
  pages={3981--3988},
  year={2020}
}

@article{hu2021spagcn,
  title={SpaGCN: integrating gene expression, spatial location and histology to identify spatial domains and spatially variable genes by graph convolutional network},
  author={Hu, Jian and Valentine, Kyle and Zhan, Huan and Li, Xin and Pham, Catherine and Chen, Ying and Roeder, Kathryn and Devlin, Bernie and Wang, Shihua},
  journal={Nature methods},
  volume={18},
  number={11},
  pages={1342--1351},
  year={2021},
  publisher={Nature Publishing Group}
}

@article{wolf2018scanpy,
  title={SCANPY: large-scale single-cell gene expression data analysis},
  author={Wolf, F Alexander and Angerer, Philipp and Theis, Fabian J},
  journal={Genome biology},
  volume={19},
  number={1},
  pages={1--5},
  year={2018},
  publisher={Springer}
}

@article{bergenstrahle2020seamless,
  title={Seamless integration of image and molecular analysis for spatial transcriptomics workflows},
  author={Bergenstråhle, Ludvig and He, Beijia and Bergenstråhle, Joseph and Abalo, Xesús and Mirzazadeh, Reza and Thrane, Kim and Ji, Andrew L and Andersson, Alma and Borg, Åke and Bergenståhle, Jonas and others},
  journal={BMC genomics},
  volume={21},
  number={1},
  pages={1--8},
  year={2020},
  publisher={BioMed Central}
}

@article{li2022benchmarking,
  title={Benchmarking spatial and single-cell transcriptomics integration methods for transcript distribution prediction and cell type deconvolution},
  author={Li, Bin and Zhang, Wen and Guo, Chuanlin and Xu, Hao and Li, Liang and Fang, Minzhi and Hu, Yanhong and Zhang, Xiaoyan and Yao, Xiaohui and Tang, Ming and others},
  journal={Nature methods},
  volume={19},
  number={6},
  pages={662--670},
  year={2022},
  publisher={Nature Publishing Group}
}